<?xml version="1.0" encoding="UTF-8"?><record xmlns="http://www.loc.gov/MARC21/slim" xmlns:cinclude="http://apache.org/cocoon/include/1.0" xmlns:zs="http://www.loc.gov/zing/srw/">
  <leader>00649cz  a2200169n  4500</leader>
  <controlfield tag="001">n 2009059227</controlfield>
  <controlfield tag="003">DLC</controlfield>
  <controlfield tag="005">20090918075126.0</controlfield>
  <controlfield tag="008">090917n| acannaabn          |b aaa      </controlfield>
  <datafield tag="010" ind1=" " ind2=" ">
    <subfield code="a">n 2009059227</subfield>
  </datafield>
  <datafield tag="040" ind1=" " ind2=" ">
    <subfield code="a">DLC</subfield>
    <subfield code="b">eng</subfield>
    <subfield code="c">DLC</subfield>
  </datafield>
  <datafield tag="100" ind1="1" ind2=" ">
    <subfield code="a">Miyata, Masafumi</subfield>
  </datafield>
  <datafield tag="400" ind1="1" ind2=" ">
    <subfield code="a">宮田正史</subfield>
  </datafield>
  <datafield tag="667" ind1=" " ind2=" ">
    <subfield code="a">Non-Latin script reference not evaluated</subfield>
  </datafield>
  <datafield tag="670" ind1=" " ind2=" ">
    <subfield code="a">Yaitashiki keisengan no eizoku jōtai ni kansuru reberu 1 shinraisei sekkeihō, 2008:</subfield>
    <subfield code="b">t.p. (宮田正史 = Miyata Masafumi) p. i (dir., Kōwan Kūkō Gijutsu Kenkyūjo Chiban Kōzōbu)</subfield>
  </datafield>
  <datafield tag="670" ind1=" " ind2=" ">
    <subfield code="a">NDL-OPAC home page, Sept. 17, 2009</subfield>
    <subfield code="b">(r: Miyata Masafumi)</subfield>
  </datafield>
  <datafield tag="675" ind1=" " ind2=" ">
    <subfield code="a">Nihon choshamei, 2002.</subfield>
  </datafield>
</record>